@article{mfcc,
        title={\href{https://ieeexplore.ieee.org/stamp/stamp.jsp?tp=&arnumber=9955539}{Mel Frequency Cepstral Coefficient and its Applications: A Review}},
	author={Zrar Kh. Abdul},
	journal={IEEE Access},
	year={2022}, 
}
@article{seq2seq,
        title={\href{https://arxiv.org/pdf/1805.09461.pdf}{Deep Reinforcement Learning for Sequence-to-Sequence Models}},
	author={Yaser Keneshloo},
	journal={Arxiv},
	year={2019}, 
}
@article{transformer,
        title={\href{https://arxiv.org/pdf/1706.03762v7.pdf}{Attention Is All You Need}},
	author={Ashish Vaswani},
	journal={Arxiv},
	year={2023}, 
}
@article{pre-trained-models,
        title={\href{https://arxiv.org/abs/2106.07139}{Pre-Trained Models: Past, Present and Future}},
	author={Ashish Vaswani},
	journal={Arxiv},
	year={2021}, 
}
@article{cnn,
        title={\href{https://www.researchgate.net/publication/337401161_Fundamental_Concepts_of_Convolutional_Neural_Network}{Fundamental Concepts of Convolutional Neural Network}},
	author={Anirudha Ghosh},
	journal={ResearchGate},
	year={2020}, 
}

@article{lstm,
        title={{Xây dựng mô hình máy học LSTM (Long Short-Term Memory) phục vụ công tác dự báo mặn tại trạm đo mặn Đại Ngãi}},
	author={Nguyễn Công Thành},
	journal={Tạp chí Khí tượng thủy văn},
	year={2022}, 
}